@booklet{Madsen2010,
  author       = {Lars Madsen},
  title        = {Introduktion til {LaTeX}},
  year         = {2010},
  howpublished = {\url{http://www.imf.au.dk/system/latex/bog/}}
}

@online{Codecademy,
  title   = {Codecademy},
  url     = {https://www.codecademy.com/learn},
  urldate = {2022-10-5}
}

@online{Codewars,
  title   = {Codewars},
  url     = {hhttps://www.codewars.com/dashboard},
  urldate = {2022-10-5}
}

@online{Coursera,
  title   = {Coursera},
  url     = {https://www.coursera.org},
  urldate = {2022-10-5}
}


@book{roede_aalborg,
title = "Object-Oriented Analysis and Design",
author = "Lars Mathiassen and A. Munk-Madsen and Nielsen, {Peter Axel} and Jan Stage",
year = "2000",
language = "Dansk",
publisher = "Marko",
}
